<?xml version="1.0" encoding="UTF-8"?><collection xmlns="http://www.loc.gov/MARC21/slim"><record><leader>00583nam--2200193-i-4500</leader><controlfield tag="001">000002408</controlfield><controlfield tag="002">20161230</controlfield><controlfield tag="005">20161230201025</controlfield><controlfield tag="008">060222s1000------------r-----000-0-eng-d</controlfield><datafield ind1=" " ind2=" " tag="040"><subfield code="a">IFIN-HH</subfield></datafield><datafield ind1=" " ind2=" " tag="080"><subfield code="a">53</subfield></datafield><datafield ind1="1" ind2=" " tag="100"><subfield code="a">Field, F. H</subfield></datafield><datafield ind1="1" ind2="0" tag="245"><subfield code="a">Pure and applied physics. vol. 1. electron impact phenomena and the properties of gaseous ions</subfield><subfield code="c">F.h. field, j.l. franklin</subfield></datafield><datafield ind1=" " ind2=" " tag="260"><subfield code="a">New York</subfield><subfield code="b">Academic Press Inc</subfield><subfield code="c">1957</subfield></datafield><datafield ind1=" " ind2=" " tag="300"><subfield code="a">IX + 349 P</subfield></datafield><datafield ind1=" " ind2=" " tag="490"><subfield code="a">A Series Of Monographs And Textbooks</subfield></datafield><datafield ind1="1" ind2=" " tag="700"><subfield code="a">Franklin, J.L</subfield></datafield><datafield ind1=" " ind2=" " tag="852"><subfield code="a">13428</subfield><subfield code="c">53</subfield></datafield><datafield ind1=" " ind2=" " tag="CAT"><subfield code="a">Sys</subfield><subfield code="c">20150204</subfield><subfield code="h">203641</subfield></datafield></record></collection>